@article{kondo1955non-riemannian,
    abstract = {},
    author = {Kondo, K.},
    doi = {},
    issn = {},
    journal = {Memoirs of the unifying study of the basic problems in engineering science by means of geometry},
    month = {},
    number = {},
    pages = {458-469},
    publisher = {},
    title = {Non-Riemannian geometry of imperfect crystals from a macroscopic viewpoint},
    url = {},
    volume = {1},
    year = {1955}
}
